@comment{This file has been generated by Pybliographer}

@book{branas2014angularjs,
  title={AngularJS Essentials},
  author={Branas, Rodrigo},
  year={2014},
  publisher={Packt Publishing Ltd},
  pages="9--10"
}